@MISC{NIST-Constants,
	PUBLISHER = {National Institute for Standards and Technology},
	TITLE = {CODATA Internationally recommended 2018 values of the Fundamental Physical Constants},
	DATE = {2019-05},
	%HOWPUBLISHED = {\url{https://physics.nist.gov/cuu/Constants/index.html}},
	URL = "https://physics.nist.gov/cuu/Constants/index.html",
	URLDATE = {2022-02-10},
	KEYWORDS = "NIST"
}
@MISC{NIST-Units,
	PUBLISHER = {National Institute for Standards and Technology},
	TITLE = {International System of Units (SI)},
	%HOWPUBLISHED = {\url{https://physics.nist.gov/cuu/Units/units.html}},
	URL = "https://physics.nist.gov/cuu/Units/units.html",
	URLDATE = {2022-02-16},
	KEYWORDS = "NIST"
}
